/home/thies/Documents/Mendeley Desktop/library.bib